3286 4480
451 41 791 132 ounsrro
832 39 1072 118 antara·
1233 15 1237 20 ’
1372 71 1407 142 ,,

21 157 23 230 ³
112 161 738 301 adquacumcumquererum
767 159 1003 256 notionem
1028 153 1395 296 srbicomparan·

20 299 22 358 i
115 303 236 400 dam.
290 296 702 434 Qamvisautem
730 287 823 392 hoc
856 291 1391 534 quatfitumperantece-
1509 352 1513 372 ⁴

113 440 258 536 dentis
284 433 553 570 objectionis
575 427 906 568 responsronenr
933 440 1085 572 prima·
1127 465 1257 538 ronte
1286 440 1387 539 tolli

109 577 346 686 videatur,
381 602 534 670 revera
555 601 706 668 tamen
737 603 831 668 non
845 571 1017 671 tollitur
1042 643 1056 690 ,
1091 583 1386 714 nequeenim
1455 653 1458 664 .

65 810 70 824 ,
113 711 321 852 prosedm
345 745 399 808 ex
426 744 481 806 eo
496 707 618 844 quod
638 706 886 808 uniformes
909 705 993 808 fint
1017 711 1189 824 eutium
1211 715 1397 826 intelle,-¹

68 899 71 903 ’
112 844 1386 992 &ualiumoperationes,denturqueintelligentiae,qua

113 1029 181 1091 res
205 984 368 1122 absque
390 979 750 1120 phantasmatum
761 1020 856 1122 ‚ope
891 992 1170 1124 percipiant,
1204 986 1295 1084 ulla
1316 1024 1385 1086 ra-

108 1137 233 1230 tione
260 1119 548 1263 consequitur
572 1155 654 1218 nos
693 1129 828 1219 etiam
858 1125 978 1221 idem
1007 1121 1210 1260 prastare
1234 1122 1384 1260 posse,

1485 26 1560 45 ”“ιθ“1
1626 32 1629 35 “

1562 29 1642 97 Ἄ

1603 118 1621 128 ἠ

108 1273 216 1408 quia
231 1297 383 1370 rerum
409 1294 486 1395 per
509 1255 816 1395 phantasmata
835 1267 1064 1398 perceptio
1085 1261 1387 1361 diversitatem
1485 1290 1489 1294 ’
1558 1330 1561 1337 -

109 1403 781 1538 inoperationenonimportat.
856 1397 1386 1536 Undequemadmodum

110 1543 257 1652 senes,
293 1570 486 1676 quorum
519 1531 710 1632 debilior
737 1533 801 1632 est
825 1537 1064 1634 oculorum
1088 1543 1238 1648 acies,
1273 1538 1387 1636 nihil

108 1681 257 1816 legere
269 1669 446 1814 possunt
462 1669 542 1773 nist
558 1669 804 1830 perspicilia
818 1677 1089 1810 priusoculis
1102 1675 1388 1794 admoveant,
1421 1789 1424 1792 ,

106 1825 168 1917 ita
184 1809 475 1950 etiampptest
500 1841 835 1940 contingerent
860 1847 941 1908 nos
958 1843 1139 1948 propter
1154 1809 1383 1912 infirmam

106 1943 591 2056 iutelleetioriisnostrae
605 1949 697 2040 vim
712 1944 775 2040 nil
793 1945 872 2042 nifi
891 1981 968 2082 per·
983 1946 1292 2083 phantasmata
1306 1955 1384 2048 de·
1475 2029 1479 2033 .
1527 2009 1532 2019 -

106 2093 269 2192 bilitati
302 2079 461 2184 nostrae
489 2079 531 2180 se
559 2083 954 2196 accommodantia
985 2091 1213 2220 percipere
1237 2087 1384 2188 valea-

107 2247 222 2331 mut.
292 2223 377 2324 Sed
394 2257 449 2320 ne
467 2255 561 2318 rem
578 2219 708 2318 valde
733 2219 930 2348 claram,
956 2253 1009 2317 ac
1035 2256 1110 2356 per
1127 2222 1166 2320 se
1191 2223 1379 2323 manife·
1519 2323 1547 2352 Α,

107 2371 220 2470 stam
237 2361 381 2462 inutili
410 2355 651 2458 verborum
672 2354 949 2493 exposrtioue
969 2359 1206 2458 reddamus
1222 2360 1379 2460 obscu-

106 2543 233 2624 ram,
268 2497 548 2610 attendamus
572 2491 857 2594 solummodo
881 2529 1077 2636 quanam
1100 2503 1271 2598 ratione
1296 2534 1380 2596 nu-

53 2651 216 2776 gmeri
233 2720 246 2764 ,
266 2635 534 2749 substantia,
556 2632 815 2748 existentia,
852 2649 895 2732 δι
913 2631 1222 2770 aliaejusmodi
1237 2638 1380 2736 muita
1465 2721 1467 2725 .

103 2779 614 2914 anobispercipiuntur‚
649 2771 1379 2908 &comperiemusillaomniano·
1459 2898 1461 2902 y
1521 2885 1526 2892 x
1632 2763 1636 2894 J

102 2921 173 3022 bis
197 2910 600 3050 nonrepratsentari
626 2904 704 3006 sub
719 2907 821 3005 ullis
840 2915 1086 3043 imaginum
1099 2908 1282 3026 formis,
1303 2909 1376 3010 sed

100 3059 196 3161 sola
214 3053 528 3153 intellectionis
549 3041 709 3145 nostrat
727 3051 788 3158 vi,
827 3080 879 3144 ac
892 3079 1041 3145 mente
1057 3053 1103 3144 in
1123 3051 1164 3145 se
1182 3049 1376 3149 collecta
1477 3113 1478 3118 a

98 3187 450 3334 comprehendi,
489 3186 609 3284 unde
620 3219 719 3323 quae
743 3220 796 3282 ex
811 3219 867 3284 eo
897 3181 1129 3322 petebatur
1152 3183 1375 3324 dubitatio

102 3340 236 3478 plane
261 3329 445 3428 tollitur.

52 3511 54 3516 ·
172 3459 775 3598 Porrosrmensadseipsarn
805 3459 1168 3596 cognoscendam
1183 3457 1374 3560 senfibus

103 3614 354 3747 indigeret,
389 3602 491 3702 ideo
511 3599 823 3737 proculdubio
848 3601 992 3716 soret,
1026 3600 1098 3698 vel
1112 3599 1373 3741 quodnatu·

897 3815 899 3824 ,
976 3743 1052 3837 B*
1142 3813 1146 3822 .
1279 3767 1374 3833 ram
1457 3759 1467 3772 “
