3286 4480
226 149 329 223 tum
358 101 614 214 differentia
637 102 925 244 distinguam.
968 113 1138 208 'Primo
1168 113 1318 250 itaque
1341 105 1534 218 seuffut

209 254 488 362 'intelleetus
516 248 718 364 divinus,
750 252 829 388 qui
853 241 938 346 suae
965 246 1273 387 amplitudinis
1297 246 1530 350 immenli·
1581 257 1586 262 ’

235 430 328 501 tate
349 421 534 492 caeteros
563 422 722 488 omues
742 381 1042 488 transcendit:
1071 385 1264 530 sequitur
1281 390 1530 527 angelicus,
1584 391 1587 394 ’

273 541 319 634 ui
333 537 538 674 quamvis
554 523 705 627 finitus
726 522 777 626 fit
792 525 947 628 nostro
963 557 1115 628 tamen
1132 530 1323 668 amplior
1344 527 1429 629 est:
1448 566 1531 668 po·-

238 571 643 779 dremohumanus
659 673 886 785 occurrit,
912 673 991 808 qui
1010 666 1073 768 est
1093 676 1300 766 omnium
1316 664 1532 768 limitatis·

245 811 392 914 fimus.
428 815 536 947 Jam
552 803 1055 908 fisumaturintelledlus
1074 804 1538 919 extensivethhiloe

248 949 377 1090 sophi
400 949 675 1087 loquuntur,
701 945 794 1045 hoc
818 943 882 1046 est
897 947 1049 1087 quoad
1063 946 1409 1085 amplitudinem
1427 982 1536 1084 cog-

249 1086 479 1190 noscitivae
494 1085 750 1196 ‚facultatim
774 1094 984 1184 &retum
1012 1084 1368 1222 intelligibilium
1385 1087 1536 1186 multi·

111 1275 113 1280 ·
253 1226 486 1342 tudinem,
519 1223 710 1325 dubium
724 1257 818 1322 non
833 1223 898 1324 est
950 1229 1025 1323 uin
1042 1226 1219 1324 divinus
1247 1221 1305 1323 ab
1329 1224 1537 1360 angelico

255 1366 329 1468 vel
344 1363 547 1466 humano
572 1363 708 1500 longe
726 1359 778 1463 fit
793 1259 1014 1482 diverlus,
1042 1369 1258 1506 quoniam
1275 1359 1461 1464 inlinitae
1476 1360 1540 1464 est

258 1497 1088 1640 nntutae‚.&infinitacomprehendit:
1116 1503 1266 1637 augeli
1283 1535 1541 1643 vernatque
1637 1539 1638 1542 ‘

259 1642 471 1746 homines
490 1638 665 1740 finitam
678 1637 850 1739 habent
863 1639 1145 1776 intelligendi
1167 1641 1544 1746 facultatem'tum

257 1779 726 1922 dpat'teintelledlus,
755 1783 893 1879 tumd
917 1805 1042 1920 parte
1057 1816 1233 1898 rerum,
1261 1780 1318 1879 ad
1338 1814 1448 1921 quus
1467 1817 1543 1882 eo·
1637 1779 1638 1828 ³

260 1956 364 2024 rum
378 1923 584 2056 cognitio
597 1918 867 2020 extenditur.
900 1924 1061 2019 Sivero
1073 1925 1302 2058 accipatut
1315 1916 1547 2038 intensive,

261 2059 356 2162 huc
370 2057 434 2160 est
447 2055 606 2159 habito
620 2057 675 2157 ad
692 2061 964 2200 operationis
978 2055 1175 2158 formam
1191 2057 1550 2197 relpedtunnge·

195 2323 201 2328 ¹
263 2199 399 2314 lices,
423 2228 557 2338 atque
573 2196 793 2296 humanas
812 2228 982 2304 mentes
998 2197 1549 2338 unameandemquecum

126 2351 129 2358 ’
259 2335 502 2438 intelledtu
525 2334 680 2436 divino
707 2365 912 2438 naturam
940 2333 1161 2438 affinitate
1189 2336 1386 2478 quadam
1405 2333 1550 2436 sortiri

267 2479 593 2613 comperietur,
613 2469 799 2574 cuilibet
814 2476 1203 2596 enim'intellestui
1225 2510 1375 2576 rerum
1390 2483 1551 2576 uetitas

270 2609 644 2753 ptoobjedloest.
683 2621 737 2714 Et
752 2621 956 2754 quamvis
979 2625 1102 2716 Deus
1118 2615 1294 2714 dicatur
1305 2615 1552 2715 tlio‘modo

272 2752 1553 2894 resintelligerequamhomines,utquodilleunicomen·

273 2895 331 2992 tis
347 2895 510 2991 intuitu
524 2889 1197 3034 omnencomprehendauquae
1212 2891 1342 2991 nobis
1355 2890 1555 2992 homini-

277 3026 464 3130 busuon
480 3027 561 3130 nifi
576 3037 741 3165 exiguo
756 3037 802 3130 iu
818 3067 1023 3148 numero,
1039 3031 1256 3172 longique
1269 3029 1346 3131 sub
1361 3030 1556 3170 ambage

277 3163 493 3270 discursus
508 3165 820 3302 innotescunt,
843 3167 1083 3270 illatnmen
1099 3172 1351 3275 intellestio
1365 3179 1453 3273 Dei
1463 3169 1557 3269 for:-

122 3342 135 3364 ·
280 3302 1559 3454 maliterunostranondiffei·t,quandnquidemtduuum

186 3501 190 3512 =
232 3545 235 3552 ,
280 3457 327 3547 &
354 3444 549 3545 eundem
575 3441 713 3544 finem
728 3451 846 3546 acies
872 3453 1034 3547 mentis
1052 3450 1212 3570 nostrae
1226 3451 1455 3586 dirigitur,
1479 3483 1565 3566 nos

268 3587 420 3685 ,etiam
435 3583 491 3685 ad
518 3589 715 3688 veritatis
736 3587 1171 3729 contemplationem
1195 3591 1411 3692 evehente
1426 3593 1565 3688 ratio-

1479 3760 1564 3852 ne3
