3286 4480
148 61 273 166 bene
298 53 746 195 Philosophandum‘,
782 65 827 155 δε
860 47 1057 188 ad'bene
1077 44 1320 150 vivendum
1335 41 1453 143 sum-

159 231 344 340 mopere
371 188 402 314 ‚'
421 188 709 296 necessariam
735 191 895 290 videor
909 181 1128 316 attulisse,
1163 182 1450 290 huncsaltem

158 341 348 478 scopum
373 333 485 433 mihi
503 330 739 470 proposui,
771 365 907 469 quem
924 322 1117 462 attigisse
1131 355 1146 444 ,'
1181 327 1455 430 &omnibus

91 506 93 515 '
164 477 252 604 bac
267 481 313 574 iu
329 505 450 614 parte
466 463 716 570 satisfecisse
734 474 957 568 exanimo
972 496 1176 602 optarem
1190 533 1219 582 ,ry
1241 499 1292 568 ut
1306 464 1450 588 mihi,
1575 487 1578 504 '

164 630 210 716 δι
235 613 415 752 reliquis
437 605 701 708 hominibus
728 605 858 706 srmus
883 607 1006 746 quod
1023 602 1133 704 boni
1148 612 1229 704 viri
1246 605 1450 709 officium

164 751 255 867 est,
295 743 497 887 prodesse
519 741 703 890 possem.
739 743 876 848 Nihil
896 752 1016 845 euim
1033 751 1079 844 in
1096 775 1190 844 tota
1206 751 1296 881 vita
1310 755 1457 878 magis·
1524 849 1527 852 ,

146 888 233 992 est
260 881 549 986 necessarium
576 919 715 1026 quam
735 881 877 1021 ipsum
900 889 1002 984 ‘vitae
1027 881 1286 1016 Authorem
1306 883 1452 1024 probe
1553 965 1558 970 -

157 1023 432 1164 agnoscere,
465 1039 510 1124 δε
533 1060 625 1121 non
650 1022 937 1121 vacillantem
952 1017 1007 1121 de
1022 1057 1078 1120 eo
1095 1018 1262 1124 habere
1276 1031 1454 1161 opinio·
1491 1054 1495 1061 ’

79 1153 107 1182 f
169 1200 291 1266 nem.
327 1173 385 1264 Et
410 1170 613 1302 quamvis
638 1173 790 1262 Deum
805 1152 891 1259 esse
914 1166 1035 1262 Sacri
1052 1160 1242 1264 Codices
1257 1159 1455 1261 nobisrfi·

170 1303 275 1404 dem
303 1297 575 1406 habentibus
593 1297 915 1438 persuadeant,
949 1297 1046 1398 baec
1061 1328 1214 1400 tamen
1234 1307 1393 1400 veritas
1408 1307 1457 1402 in

154 1435 361 1540 dubium
385 1435 620 1537 revocatur
645 1435 702 1536 ab
727 1443 807 1554 iis',
838 1443 917 1574 qui
939 1431 1046 1536 fidei
1069 1437 1241 1540 lumine
1256 1467 1461 1542 carentes*

170 1577 396 1678 sacrarum
411 1569 726 1713 scripturarum
742 1572 1059 1676 authoritatem
1074 1579 1283 1711 rejiciunt
1296 1611 1319 1696 ‚¹
1345 1615 1460 1720 quo·

174 1751 276 1814 rum
293 1745 463 1814 mentes
481 1713 568 1812 alia
582 1721 754 1813 ratione
768 1745 906 1853 quam
920 1718 1094 1812 exarati
1115 1711 1246 1814 verbi
1257 1715 1461 1836 ¹testimo-

27 1925 30 1928 -
175 1859 254 1950 nio
275 1851 332 1952 ad
362 1859 450 1956 Dei
464 1857 776 1988 cognitionem
795 1851 1018 1955 adducere
1032 1884 1227 1990 oportet.
1296 1856 1347 1956 1d
1362 1857 1463 1958 effi·-

176 2023 279 2090 cete
307 1997 353 2087 iu
388 1995 542 2130 primis
571 1987 684 2112 mihi
714 2012 835 2088 curae'
854 1988 967 2104 fuit,
1001 2003 1046 2089 &
1072 1989 1462 2132 omnibusparittr

37 2167 41 2176 ·
140 2215 144 2222 .
178 2125 411 2229 ostendere
436 2164 491 2227 ex
515 2125 646 2227 rebus
666 2124 1049 2244 maximeobviis,
1085 2132 1240 2268 quales·
1253 2131 1351 2232 sunt
1364 2169 1463 2232 mo-

179 2296 249 2366 tus
271 2279 316 2364 &
336 2263 587 2388 dubitatio,
624 2258 831 2402 impressa
845 2257 932 2364 effe
947 2259 1114 2406 ubique
1130 2269 1391 2388 inmundo,
1416 2285 1463 2373 δε

178 2408 227 2501 in
258 2401 388 2502 nobis
417 2403 659 2509 divinitatis
685 2399 883 2536 vestigia.
919 2410 1033 2502 Haec
1060 2403 1123 2505 est
1153 2414 1287 2508 totius
1315 2415 1463 2546 operis

180 2535 463 2662 conclusio?
1187 2547 1189 2554 ’
1293 2653 1334 2660 Ν,
1387 2539 1436 2582 “

253 2678 321 2780 Ad
349 2678 394 2776 id
417 2707 569 2780 autem
597 2672 725 2774 vobis
761 2674 1044 2788 offerendum
1069 2678 1168 2778 duae
1192 2678 1461 2818 potiffimunt

184 2851 260 2914 me
291 2816 567 2954 impulerunt
600 2820 739 2926 causae
769 2855 780 2914 :
815 2821 985 2953 prima,
1024 2814 1255 2954 singularis
1279 2823 1464 2960 quidam
1546 2858 1572 2951 J

182 2987 291 3089 erga
319 2953 618 3056 Academiam
646 2951 837 3054 vestram
865 2955 1049 3082 custus,
1090 2971 1136 3055 δε
1159 2952 1463 3088 observantia,

183 3126 322 3231 quam
350 3122 399 3191 ut
425 3123 627 3191 renatam
658 3097 885 3206 Socratis,
923 3093 994 3191 vel
1021 3091 1222 3193 Platonis
1251 3093 1465 3199 Scholam

184 3228 388 3368 aspicio,
421 3227 498 3328 ubi
526 3226 783 3329 disertissimi
811 3229 985 3368 placide
1015 3229 1466 3371 Philosopbantium,
1500 3289 1502 3299 =

184 3365 435 3506 &pulchra
452 3403 533 3505 pro
548 3367 1335 3490 ueritatedecertantium'sermones‚
1373 3407 1466 3479 non

186 3514 460 3606 ueroimnes
476 3502 637 3606 acerbe
652 3503 1237 3644 disputantium‚&nullius
1252 3516 1315 3608 rei
1330 3547 1469 3653 quam

185 3643 666 3788 gloriae,vi&oriaeque
681 3646 951 3785 cupidorum
964 3645 1472 3756 altercationesaudiun-

402 3847 404 3854 ’
1385 3827 1468 3900 tus:
1596 3881 1600 3888 ι
