3286 4480
230 117 277 194 16
357 161 361 172 ,
519 105 1252 203 QUAES·T108·ECUNDA.
1447 183 1449 192 χ

202 303 204 311 ·
238 266 392 336 earum
420 217 649 332 defectum
671 236 896 366 corrigam
922 229 1162 371 postquam
1186 236 1376 370 primam
1393 225 1517 326 illam

166 495 171 504 1
242 367 518 512 perspediam
541 364 773 485 habuero,
806 403 912 466 cum
933 405 988 467 ex
1014 368 1146 506 hujus
1162 374 1346 506 cognita
1360 373 1521 466 vetita·

245 544 290 610 te
306 510 582 647 sequentium
613 507 799 606 aliarum
824 507 962 642 longa
988 503 1115 646 series
1143 543 1222 644 ptr
1244 507 1521 644 complexio,

144 707 147 714 ·
247 683 355 749 nem
379 643 609 760 trahatur,
641 679 832 784 quarum
849 650 1055 746 omnium
1071 646 1292 746 certitudo
1304 652 1456 782 primae
1472 641 1526 740 il-

249 787 333 888 lius
356 781 521 882 robore
540 782 791 884 constantia
826 820 881 882 ue
904 779 1179 908 firmabitut3
1213 791 1366 923 neque
1387 789 1525 881 etiam

253 922 311 1023 ab
329 917 585 1058 ignorantia
598 927 775 1020 initium
794 823 997 1038 sariam,
1029 929 1138 1062 quin
1164 920 1333 1048 imoflab
1349 920 1531 1020 eviden-

253 1059 411 1164 tiffima
442 1065 615 1158 ratione
644 1131 656 1176 ,
697 1055 835 1198 fipro
861 1057 1157 1160 fundamento
1181 1061 1427 1198 supponam
1453 1057 1535 1154 ali-

256 1199 395 1340 quid,
430 1196 553 1337 quod
583 1197 780 1335 perfecie
809 1194 1081 1333 cognoscam
1101 1235 1259 1297 verum
1284 1193 1398 1314 esse,
1438 1201 1532 1296 &a

259 1374 353 1479 quo
368 1336 539 1475 reliqua
559 1336 664 1435 inde
680 1337 920 1476 pendentia
945 1335 1336 1438 demonstrationis
1352 1342 1443 1432 vim
1462 1368 1535 1431 ac·

261 1481 444 1613 cipiunt.
518 1480 851 1612 Principiorum
891 1482 1014 1574 enim
1057 1476 1247 1610 diligens
1287 1469 1539 1572 observatio

261 1620 383 1710 viam
403 1605 572 1748 praebet
597 1612 653 1709 ad
689 1613 964 1752 reliquorum
993 1619 1200 1712 omniurn
1229 1618 1537 1710 inventionem

158 1816 160 1820 .
265 1738 593 1889 paratiffimam.
638 1753 772 1889 Qin
791 1758 884 1848 imo
900 1756 977 1892 qui
993 1750 1395 1889 plenamhabuerit
1417 1754 1539 1887 prin.

141 1888 144 1896 ’
209 1905 213 1913 ’
264 1893 487 2028 cipiorum
511 1885 1544 2027 cognitionem,is-jamperfectamdicetrnon-

202 2095 203 2102 κ
267 2027 377 2128 dum
406 2026 701 2163 explicatam,
731 2033 942 2126 omnium
966 2063 1066 2167 quae
1090 2024 1147 2125 ab
1177 2035 1237 2127 eis
1260 2027 1421 2126 deduci
1443 2019 1545 2162 pos-

268 2165 367 2266 sunt
384 2163 618 2290 scientiam
646 2165 832 2303 adeptus
856 2165 941 2290 est,
977 2199 1084 2264 cum
1107 2166 1255 2302 longae
1283 2167 1366 2264 illae
1389 2159 1545 2260 conse·

275 2307 547 2440 quutionum
564 2299 719 2418 series,
754 2337 864 2441 quas
889 2301 1090 2403 scientias
1112 2304 1180 2404 vel
1198 2302 1448 2441 disciplinas
1463 2335 1547 2397 no-

181 2567 183 2570 ·
226 2558 229 2569 ‚
277 2445 531 2553 minumus,
565 2443 610 2536 in
635 2438 930 2543 foecunditate
960 2449 1283 2582 principiorum
1309 2473 1414 2540 totae
1437 2473 1547 2538 con-

276 2580 443 2686 dantur
454 2642 470 2690 ,
492 2590 551 2711 ¹&
573 2583 597 2676 a
620 2574 710 2676 sola
720 2615 878 2680 eorum
893 2579 1161 2682 efficacitate
1178 2579 1419 2719 profluant.
1493 2643 1495 2648 ·

352 2728 402 2818 ln
432 2720 586 2854 primis
610 2721 746 2852 igitur
770 2717 1112 2818 allaborandum
1135 2719 1270 2822 estut
1295 2729 1468 2820 renum
1502 2729 1548 2812 &

278 2887 417 3092 puam
438 2850 641 2955 maxime
663 2855 836 2954 clarum
859 2858 914 2956 de
940 2865 1167 2998 principiis
1191 2889 1463 2994 conceptum
1485 2849 1550 2951 es-

145 3103 153 3110 ,
299 3027 560 3116 orruemus3
597 3029 755 3093 eorum
779 2994 941 3096 deinde
966 3029 1176 3114 naturas,
1211 3013 1255 3096 δι
1284 2994 1354 3093 his
1383 2995 1551 3091 naturis

283 3127 454 3230 debitas
470 3138 758 3268 proprietates
773 3165 979 3234 accurate
996 3135 1294 3236 examinando
1310 3144 1448 3273 ,quas
1463 3123 1557 3264 ipsa

282 3272 419 3383 virts,
455 3299 683 3408 quamque
706 3279 955 3403 potentiam
971 3273 1025 3372 ad
1042 3273 1320 3413 operandum
1337 3268 1553 3380 habeant,

282 3437 422 3544 parvo
444 3401 599 3505 labore
615 3405 1025 3544 deprehendemus,
1059 3412 1177 3513 unde
1192 3409 1345 3553 postea
1367 3400 1559 3503 difficile

285 3550 479 3642 nouerit
505 3550 650 3642 varios
673 3549 834 3677 modos
856 3558 1140 3686 excogitate,
1176 3552 1366 3650 &exiis
1390 3541 1562 3679 simpli-

285 3679 474 3806 eiffimor
489 3683 681 3820 eligere,
710 3685 871 3828 quibus
887 3686 1060 3823 singula
1075 3684 1334 3830 quaequeab
1351 3683 1565 3820 his'prin-

1433 3825 1565 3957 cipns

1478 4049 1482 4062 i
